000408932 FMT   L BK
000408932 LDR   L ^^^^^cam^a2200385zi^4500
000408932 001   L 000408932
000408932 005   L 20151224093733.0
000408932 008   L 951208s1934^^^^fi^|||||||||||||||p|fin||
000408932 015   L $$af497511$$2skl
000408932 035   L $$a(FI-MELINDA)000408932
000408932 040   L $$aFI-NL
000408932 0411  L $$afin$$hswe
000408932 042   L $$afinb
000408932 080   L $$a839.79$$x-1$$9FENNI<KEEP>
000408932 1001  L $$aRuneberg, Johan Ludvig,$$d1804-1877.
000408932 24510 L $$aVänrikki Stoolin tarinat /$$cJ. L. Runeberg ; suomentanut O. Manninen.
000408932 250   L $$a11. p.
000408932 260   L $$aPorvoo :$$bWSOY,$$c1934.
000408932 300   L $$a180 s.
000408932 336   L $$ateksti$$btxt$$2rdacontent
000408932 337   L $$akäytettävissä ilman laitetta$$bn$$2rdamedia
000408932 338   L $$anide$$bnc$$2rdacarrier
000408932 500   L $$aLisäpainokset: 12. p. 1935.$$9FENNI<KEEP>
000408932 7001  L $$aManninen, Otto,$$d1872-1950.
