000670725 FMT   L BK
000670725 LDR   L ^^^^^cam^a2200445zi^4500
000670725 001   L 000670725
000670725 005   L 20151225033756.0
000670725 008   L 881115s1968^^^^fi^|||||||||||||||p|fin||
000670725 035   L $$a(FI-MELINDA)000670725
000670725 040   L $$aFI-NL
000670725 0411  L $$afin$$hswe
000670725 042   L $$afinb
000670725 1001  L $$aRuneberg, Johan Ludvig.
000670725 24010 L $$aFänrik Ståls sägner
000670725 24510 L $$aVänrikki Stoolin tarinat /$$cSuom. O[tto] Manninen.
000670725 250   L $$aSelityksillä varust. koulup. 8., muuttamaton p.
000670725 260   L $$aPorvoo ;$$aHki :$$bWS,$$c1968$$e(Porvoo)
000670725 336   L $$ateksti$$btxt$$2rdacontent
000670725 337   L $$akäytettävissä ilman laitetta$$bn$$2rdamedia
000670725 338   L $$anide$$bnc$$2rdacarrier
000670725 500   L $$aSelityksillä varustettu koulupainos.
000670725 563   L $$aSidottu.
000670725 650 7 L $$arunot$$xSuomen sota$$2kaunokki
000670725 7001  L $$aManninen, Otto.
000670725 908   L $$afi
