000737661 FMT   L BK
000737661 LDR   L ^^^^^cam^a2200373zi^4500
000737661 001   L 000737661
000737661 005   L 20151225064802.0
000737661 008   L 930428s1959^^^^fi^|||||||||||||||p|fin||
000737661 015   L $$af566109$$2skl
000737661 035   L $$a(FI-MELINDA)000737661
000737661 040   L $$aFI-NL
000737661 0411  L $$afin$$hswe
000737661 042   L $$afinb
000737661 080   L $$a839.79$$x-1$$9FENNI<KEEP>
000737661 1001  L $$aRuneberg, Johan Ludvig,$$d1804-1877.
000737661 24510 L $$aVänrikki Stoolin tarinat /$$cJohan Ludvig Runeberg ; suom. Otto Manninen.
000737661 250   L $$a5. muuttamaton p.
000737661 260   L $$aPorvoo :$$bWSOY,$$c1959.
000737661 300   L $$a195, [1] s.
000737661 336   L $$ateksti$$btxt$$2rdacontent
000737661 337   L $$akäytettävissä ilman laitetta$$bn$$2rdamedia
000737661 338   L $$anide$$bnc$$2rdacarrier
000737661 7001  L $$aManninen, Otto,$$d1872-1950.
