000739848 FMT   L BK
000739848 LDR   L ^^^^^cam^a2200469zi^4500
000739848 001   L 000739848
000739848 005   L 20151225065349.0
000739848 008   L 930513s1962^^^^fi^|||||||||||||||p|fin||
000739848 015   L $$af568524$$2skl
000739848 035   L $$a(FI-MELINDA)000739848
000739848 040   L $$aFI-NL
000739848 0411  L $$afin$$hswe
000739848 042   L $$afinb
000739848 080   L $$a839.79$$x-1$$9FENNI<KEEP>
000739848 1001  L $$aRuneberg, Johan Ludvig,$$d1804-1877.
000739848 24510 L $$aVänrikki Stoolin tarinat /$$cJohan Ludvig Runeberg ; suom. O. Manninen.
000739848 250   L $$a6. muuttamaton p.
000739848 260   L $$aPorvoo :$$bWSOY,$$c1962.
000739848 300   L $$a195 s.
000739848 336   L $$ateksti$$btxt$$2rdacontent
000739848 337   L $$akäytettävissä ilman laitetta$$bn$$2rdamedia
000739848 338   L $$anide$$bnc$$2rdacarrier
000739848 500   L $$aSelityksillä varustettu koulupainos$$9FENNI<KEEP>
000739848 7001  L $$aManninen, Otto,$$d1872-1950.
