000742957 FMT   L BK
000742957 LDR   L ^^^^^cam^a2200505zi^4500
000742957 001   L 000742957
000742957 005   L 20151225070147.0
000742957 008   L 921201s1965^^^^fi^||||j||||||||||f|fin||
000742957 015   L $$af559155$$2skl
000742957 035   L $$a(FI-MELINDA)000742957
000742957 040   L $$aFI-NL
000742957 0411  L $$afin$$hswe
000742957 042   L $$afinb
000742957 080   L $$a839.79$$x-1$$9FENNI<KEEP>
000742957 1001  L $$aRuneberg, Johan Ludvig,$$d1804-1877.
000742957 24510 L $$aVänrikki Stoolin tarinat /$$cJohan Ludvig Runeberg ; suom. O. Manninen.
000742957 250   L $$a7. muuttamaton p.
000742957 260   L $$aPorvoo ;$$aHelsinki :$$bWSOY,$$c1965.
000742957 300   L $$a195 s.
000742957 336   L $$ateksti$$btxt$$2rdacontent
000742957 337   L $$akäytettävissä ilman laitetta$$bn$$2rdamedia
000742957 338   L $$anide$$bnc$$2rdacarrier
000742957 500   L $$aSelityksillä varustettu koulupainos.
000742957 563   L $$aSidottu.
000742957 650 7 L $$akaunokirjallisuus$$xsuomenkielinen kirjallisuus$$2ysa
000742957 650 7 L $$aromaanit$$xsuomen kieli$$2ysa
000742957 650 7 L $$arunot$$xSuomen sota$$2kaunokki
000742957 7001  L $$aManninen, Otto,$$d1872-1950.
000742957 908   L $$afi
