000750823 FMT   L BK
000750823 LDR   L ^^^^^cam^a2200589zi^4500
000750823 001   L 000750823
000750823 005   L 20151225072434.0
000750823 008   L 931019s1957^^^^fi^|||||||||||||||p|fin||
000750823 015   L $$af573385$$2skl
000750823 035   L $$a(FI-MELINDA)000750823
000750823 040   L $$aFI-NL
000750823 0411  L $$afin$$hswe
000750823 042   L $$afinb
000750823 080   L $$a839.79$$x-1$$9FENNI<KEEP>
000750823 084   L $$a82.2$$2ykl
000750823 1001  L $$aRuneberg, Johan Ludvig,$$d1804-1877.
000750823 24510 L $$aVänrikki Stoolin tarinat /$$cJohan Ludvig Runeberg ; kuvat piirtänyt Albert Edelfelt ; suom. O. Manninen.
000750823 250   L $$a11. Albert Edelfeltin kuvittama suomenkielinen p.
000750823 260   L $$aPorvoo :$$bWSOY,$$c1957.
000750823 300   L $$a247, [1] s. :$$bkuvitettu
000750823 336   L $$ateksti$$btxt$$2rdacontent
000750823 337   L $$akäytettävissä ilman laitetta$$bn$$2rdamedia
000750823 338   L $$anide$$bnc$$2rdacarrier
000750823 563   L $$aSidottu.
000750823 579   L $$aXPOIMITTU$$bseamk
000750823 7001  L $$aManninen, O.
000750823 7001  L $$aManninen, Otto,$$d1872-1950.
000750823 7001  L $$aEdelfelt, Albert,$$d1854-1905.
000750823 908   L $$afi
