000750826 FMT   L BK
000750826 LDR   L ^^^^^cam^a2200469zi^4500
000750826 001   L 000750826
000750826 005   L 20151225072445.0
000750826 008   L 931019s1956^^^^fi^|||||||||||||||p|fin||
000750826 015   L $$af573386$$2skl
000750826 035   L $$a(FI-MELINDA)000750826
000750826 040   L $$aFI-NL
000750826 0411  L $$afin$$hswe
000750826 042   L $$afinb
000750826 080   L $$a839.79$$x-1$$9FENNI<KEEP>
000750826 1001  L $$aRuneberg, Johan Ludvig,$$d1804-1877.
000750826 24510 L $$aVänrikki Stoolin tarinat /$$cJohan Ludvig Runeberg ; suom. O. Manninen.
000750826 250   L $$a4. muuttamaton p.
000750826 260   L $$aPorvoo :$$bWSOY,$$c1956.
000750826 300   L $$a195 s.
000750826 336   L $$ateksti$$btxt$$2rdacontent
000750826 337   L $$akäytettävissä ilman laitetta$$bn$$2rdamedia
000750826 338   L $$anide$$bnc$$2rdacarrier
000750826 500   L $$aSelityksillä varustettu koulupainos$$9FENNI<KEEP>
000750826 7001  L $$aManninen, Otto,$$d1872-1950.
