000776383 FMT   L BK
000776383 LDR   L ^^^^^cam^a2200373zi^4500
000776383 001   L 000776383
000776383 005   L 20151225100922.0
000776383 008   L 940923s1950^^^^fi^|||||||||||||||p|fin||
000776383 015   L $$af542347$$2skl
000776383 035   L $$a(FI-MELINDA)000776383
000776383 040   L $$aFI-NL
000776383 0411  L $$afin$$hswe
000776383 042   L $$afinb
000776383 080   L $$a839.79$$x-1$$9FENNI<KEEP>
000776383 1001  L $$aRuneberg, Johan Ludvig,$$d1804-1877.
000776383 24510 L $$aVänrikki Stoolin tarinat /$$cJohan Ludvig Runeberg ; suom. O. Manninen.
000776383 250   L $$a[2. p.].
000776383 260   L $$aPorvoo :$$bWSOY,$$c1950.
000776383 300   L $$a195 s. ;$$c8:o
000776383 336   L $$ateksti$$btxt$$2rdacontent
000776383 337   L $$akäytettävissä ilman laitetta$$bn$$2rdamedia
000776383 338   L $$anide$$bnc$$2rdacarrier
000776383 500   L $$aSelityksillä varustettu koulupainos$$9FENNI<KEEP>
000776383 7001  L $$aManninen, Otto,$$d1872-1950.
