000792602 FMT   L BK
000792602 LDR   L ^^^^^cam^a2200481zi^4500
000792602 001   L 000792602
000792602 005   L 20160207011702.0
000792602 008   L 950301s1944^^^^fi^|||||||||||||||p|fin||
000792602 015   L $$af526075$$2skl
000792602 035   L $$a(FI-MELINDA)000792602
000792602 040   L $$aFI-NL
000792602 0411  L $$afin$$hswe
000792602 042   L $$afinb
000792602 080   L $$a839.79$$x-1$$9FENNI<KEEP>
000792602 084   L $$a82.2$$2ykl
000792602 1001  L $$aRuneberg, Johan Ludvig,$$d1804-1877.
000792602 24510 L $$aVänrikki Stoolin tarinat :$$bkokoelma runoja /$$cJohan Ludvig Runeberg ; kuvat piirtänyt Albert Edelfelt ; suom. O. Manninen.
000792602 250   L $$a5. p.
000792602 260   L $$aPorvoo :$$bWSOY,$$c1944.
000792602 300   L $$a[2], 237, [1] s. :$$bkuvitettu
000792602 336   L $$ateksti$$btxt$$2rdacontent
000792602 337   L $$akäytettävissä ilman laitetta$$bn$$2rdamedia
000792602 338   L $$anide$$bnc$$2rdacarrier
000792602 7001  L $$aEdelfelt, Albert,$$d1854-1905.
000792602 7001  L $$aManninen, Otto,$$d1872-1950.
000792602 7001  L $$aEdelfelt, Albert,$$d1854-1905,$$ekuvittaja.
000792602 7001  L $$aManninen, Otto,$$d1872-1950,$$ekääntäjä.
