000792604 FMT   L BK
000792604 LDR   L ^^^^^cam^a2200565zi^4500
000792604 001   L 000792604
000792604 005   L 20151225112253.0
000792604 008   L 950301s1948^^^^fi^|||||||||||||||p|fin||
000792604 015   L $$af526076$$2skl
000792604 035   L $$a(FI-MELINDA)000792604
000792604 040   L $$aFI-NL
000792604 0411  L $$afin$$hswe
000792604 042   L $$afinb
000792604 080   L $$a839.79$$x-1$$9FENNI<KEEP>
000792604 084   L $$a82.2$$2ykl
000792604 1001  L $$aRuneberg, Johan Ludvig,$$d1804-1877.
000792604 24510 L $$aVänrikki Stoolin tarinat /$$cJohan Ludvig Runeberg ; kuvat piirtänyt Albert Edelfelt ; suom. O. Manninen.
000792604 250   L $$a10. p.
000792604 260   L $$aPorvoo :$$bWSOY,$$c1948.
000792604 300   L $$a247, [1] s. :$$bkuvitettu ;$$c4:o
000792604 336   L $$ateksti$$btxt$$2rdacontent
000792604 337   L $$akäytettävissä ilman laitetta$$bn$$2rdamedia
000792604 338   L $$anide$$bnc$$2rdacarrier
000792604 500   L $$aJuhlapainos Vänrikki Stoolin tarinain 100-vuotispäiväksi 14.12.1948. 10:s Albert Edelfeltin kuvittama suomenkielinen pain.$$9FENNI<KEEP>
000792604 500   L $$aJuhlapainos Vänrikki Stoolin tarinain 100-vuotispäiväksi 14.12.1948. 10:s Albert Edelfeltin kuvittama suomenkielinen p.
000792604 563   L $$aSidottu.
000792604 7001  L $$aEdelfelt, Albert,$$d1854-1905.
000792604 7001  L $$aManninen, Otto,$$d1872-1950.
000792604 908   L $$afi
