000809494 FMT   L BK
000809494 LDR   L ^^^^^cam^a2200601zi^4500
000809494 001   L 000809494
000809494 005   L 20151225122923.0
000809494 008   L 950920s1940^^^^fi^|||||||||||||||p|fin||
000809494 015   L $$af501655$$2skl
000809494 035   L $$a(FI-MELINDA)000809494
000809494 040   L $$aFI-NL
000809494 0411  L $$afin$$hswe
000809494 042   L $$afinb
000809494 080   L $$a839.79$$x-1$$9FENNI<KEEP>
000809494 080   L $$a839.79$$x-1$$x=945.41
000809494 1001  L $$aRuneberg, Johan Ludvig,$$d1804-1877.
000809494 24510 L $$aVänrikki Stoolin tarinat :$$bkokoelma runoja /$$cJohan Ludvig Runeberg ; suom. O. Manninen ; kuvat piirtänyt Albert Edelfelt.
000809494 250   L $$a3. p.
000809494 260   L $$aPorvoo :$$bWSOY,$$c1940.
000809494 300   L $$a[2], 237, [1] s. :$$bkuvitettu
000809494 336   L $$ateksti$$btxt$$2rdacontent
000809494 337   L $$akäytettävissä ilman laitetta$$bn$$2rdamedia
000809494 338   L $$anide$$bnc$$2rdacarrier
000809494 4901  L $$aKymmenen markan romaaneja ;$$v170
000809494 500   L $$aLisäpainokset: 4. p. 1942.$$9FENNI<KEEP>
000809494 650 7 L $$akaunokirjallisuus$$xsuomenkielinen kirjallisuus$$2ysa
000809494 653   L $$aromaanit$$aruotsin kieli$$asuomenkielinen käännös
000809494 7001  L $$aManninen, Otto,$$d1872-1950.
000809494 7001  L $$aEdelfelt, Albert,$$d1854-1905.
000809494 830 0 L $$aKymmenen markan romaaneja ;$$v170.
