000831178 FMT   L BK
000831178 LDR   L ^^^^^cam^a2200433zi^4500
000831178 001   L 000831178
000831178 005   L 20151225134232.0
000831178 008   L 960507s1931^^^^fi^|||||||||||||||p|fin||
000831178 015   L $$af475413$$2skl
000831178 035   L $$a(FI-MELINDA)000831178
000831178 040   L $$aFI-NL
000831178 0411  L $$afin$$hswe
000831178 042   L $$afinb
000831178 080   L $$a839.79$$x-1$$9FENNI<KEEP>
000831178 080   L $$a820/89
000831178 1001  L $$aRuneberg, Johan Ludvig,$$d1804-1877.
000831178 24510 L $$aVänrikki Stoolin tarinat :$$bkokoelma runoja /$$cJohan Ludvig Runeberg ; kuvat piirtänyt Albert Edelfelt ; suom. O. Manninen.
000831178 250   L $$a3. p.
000831178 260   L $$aPorvoo :$$bWSOY,$$c1931.
000831178 300   L $$a285, [3] s. :$$bkuvitettu
000831178 336   L $$ateksti$$btxt$$2rdacontent
000831178 337   L $$akäytettävissä ilman laitetta$$bn$$2rdamedia
000831178 338   L $$anide$$bnc$$2rdacarrier
000831178 7001  L $$aEdelfelt, Albert,$$d1854-1905.
000831178 7001  L $$aManninen, Otto,$$d1872-1950.
