000831180 FMT   L BK
000831180 LDR   L ^^^^^cam^a2200385zi^4500
000831180 001   L 000831180
000831180 005   L 20151225134232.0
000831180 008   L 960507s1932^^^^fi^|||||||||||||||p|fin||
000831180 015   L $$af475414$$2skl
000831180 035   L $$a(FI-MELINDA)000831180
000831180 040   L $$aFI-NL
000831180 0411  L $$afin$$hswe
000831180 042   L $$afinb
000831180 080   L $$a839.79$$x-1$$9FENNI<KEEP>
000831180 1001  L $$aRuneberg, Johan Ludvig,$$d1804-1877.
000831180 24510 L $$aVänrikki Stoolin tarinat /$$cJohan Ludvig Runeberg ; suom. O. Manninen.
000831180 250   L $$a10. p.
000831180 260   L $$aPorvoo :$$bWSOY,$$c1932.
000831180 300   L $$a186 s.
000831180 336   L $$ateksti$$btxt$$2rdacontent
000831180 337   L $$akäytettävissä ilman laitetta$$bn$$2rdamedia
000831180 338   L $$anide$$bnc$$2rdacarrier
000831180 7001  L $$aManninen, Otto,$$d1872-1950.
