000844879 FMT   L BK
000844879 LDR   L ^^^^^cam^a2200397zi^4500
000844879 001   L 000844879
000844879 005   L 20151225142518.0
000844879 008   L 961022s1924^^^^fi^|||||||||||||||p|fin||
000844879 015   L $$af454261$$2skl
000844879 035   L $$a(FI-MELINDA)000844879
000844879 040   L $$aFI-NL
000844879 0411  L $$afin$$hswe
000844879 042   L $$afinb
000844879 080   L $$a839.79$$x-1$$9FENNI<KEEP>
000844879 1001  L $$aRuneberg, Johan Ludvig,$$d1804-1877.
000844879 24510 L $$aVänrikki Stoolin tarinat /$$cJ. L. Runeberg ; suomentanut O. Manninen.
000844879 250   L $$a6. p.
000844879 260   L $$aPorvoo :$$bWSOY,$$c1924.
000844879 300   L $$a182 s.
000844879 336   L $$ateksti$$btxt$$2rdacontent
000844879 337   L $$akäytettävissä ilman laitetta$$bn$$2rdamedia
000844879 338   L $$anide$$bnc$$2rdacarrier
000844879 500   L $$aLisäpainokset: 7. tarkistettu p. 1925.$$9FENNI<KEEP>
000844879 7001  L $$aManninen, Otto,$$d1872-1950.
