000855605 FMT   L BK
000855605 LDR   L ^^^^^cam^a2200349zi^4500
000855605 001   L 000855605
000855605 005   L 20151225145804.0
000855605 008   L 970310s1915^^^^fi^|||||||||||||||||fin||
000855605 015   L $$af442834$$2skl
000855605 035   L $$a(FI-MELINDA)000855605
000855605 040   L $$aFI-NL
000855605 0411  L $$afin$$hund
000855605 042   L $$afinb
000855605 1001  L $$aRuneberg, Johan Ludvig,$$d1804-1877.
000855605 24510 L $$aVänrikki Stoolin tarinat /$$cJ. L. Runeberg ; suomentanut O. Manninen.
000855605 250   L $$a3. p.
000855605 260   L $$aPorvoo :$$bWSOY,$$c1915.
000855605 300   L $$a182 s.
000855605 336   L $$ateksti$$btxt$$2rdacontent
000855605 337   L $$akäytettävissä ilman laitetta$$bn$$2rdamedia
000855605 338   L $$anide$$bnc$$2rdacarrier
000855605 4901  L $$aHelppohintainen koulu- ja kansankirjasto ;$$vn:o 22
000855605 7001  L $$aManninen, Otto,$$d1872-1950.
000855605 830 0 L $$aHelppohintainen koulu- ja kansankirjasto ;$$vn:o 22.
