000868193 FMT   L BK
000868193 LDR   L ^^^^^cam^a2200385zi^4500
000868193 001   L 000868193
000868193 005   L 20151225153614.0
000868193 008   L 970820s1910^^^^fi^|||||||||||||||||fin||
000868193 015   L $$af421754$$2skl
000868193 035   L $$a(FI-MELINDA)000868193
000868193 040   L $$aFI-NL
000868193 0411  L $$afin$$hund
000868193 042   L $$afinb
000868193 1001  L $$aRuneberg, Johan Ludvig,$$d1804-1877.
000868193 24510 L $$aVänrikki Stoolin tarinat /$$cJ. L. Runeberg ; suomentanut O. Manninen.
000868193 250   L $$aUusi p.
000868193 260   L $$aPorvoo :$$bWSOY,$$c1910.
000868193 300   L $$a182 s.
000868193 336   L $$ateksti$$btxt$$2rdacontent
000868193 337   L $$akäytettävissä ilman laitetta$$bn$$2rdamedia
000868193 338   L $$anide$$bnc$$2rdacarrier
000868193 4901  L $$aHelppohintainen koulu- ja kansankirjasto ;$$v22
000868193 7001  L $$aManninen, Otto,$$d1872-1950.
000868193 830 0 L $$aHelppohintainen koulu- ja kansankirjasto ;$$v22.
