000868520 FMT   L BK
000868520 LDR   L ^^^^^cam^a2200385zi^4500
000868520 001   L 000868520
000868520 005   L 20151225153716.0
000868520 008   L 970822s1922^^^^fi^|||||||||||||||p|fin||
000868520 015   L $$af439370$$2skl
000868520 035   L $$a(FI-MELINDA)000868520
000868520 040   L $$aFI-NL
000868520 0411  L $$afin$$hswe
000868520 042   L $$afinb
000868520 080   L $$a839.79$$x-1$$9FENNI<KEEP>
000868520 1001  L $$aRuneberg, Johan Ludvig,$$d1804-1877.
000868520 24510 L $$aVänrikki Stoolin tarinat :$$bkokoelma runoja /$$cJohan Ludvig Runeberg ; kuvat piirtänyt Albert Edelfelt ; suomentanut O. Manninen.
000868520 260   L $$aPorvoo :$$bWSOY,$$c1922.
000868520 300   L $$a285, [3] s. :$$bkuvitettu
000868520 336   L $$ateksti$$btxt$$2rdacontent
000868520 337   L $$akäytettävissä ilman laitetta$$bn$$2rdamedia
000868520 338   L $$anide$$bnc$$2rdacarrier
000868520 7001  L $$aEdelfelt, Albert,$$d1854-1905.
000868520 7001  L $$aManninen, Otto,$$d1872-1950.
