000948431 FMT   L BK
000948431 LDR   L ^^^^^cam^a22005892i^4500
000948431 001   L 000948431
000948431 005   L 20151215011630.0
000948431 008   L 040421s1944^^^^fi^|||||||||||||||p|fin||
000948431 015   L $$af20041700$$2skl
000948431 035   L $$a(FI-MELINDA)000948431
000948431 040   L $$aFI-NL
000948431 0411  L $$afin$$hswe
000948431 042   L $$afinb
000948431 080   L $$a839.79$$x-1$$9FENNI<KEEP>
000948431 084   L $$a82.2$$2ykl
000948431 1001  L $$aRuneberg, Johan Ludvig,$$d1804-1877.
000948431 24510 L $$aVänrikki Stoolin tarinat /$$cJ. L. Runeberg ; kuvat piirtänyt Albert Edelfelt ; suomentanut O. Manninen.
000948431 250   L $$a[4. p.].
000948431 260   L $$a[Porvoo] :$$bWSOY,$$c1944.
000948431 300   L $$a247, [1] s. :$$bkuvitettu ;$$c8:o
000948431 336   L $$ateksti$$btxt$$2rdacontent
000948431 337   L $$akäytettävissä ilman laitetta$$bn$$2rdamedia
000948431 338   L $$anide$$bnc$$2rdacarrier
000948431 5611  L $$aTYL: Raseborg-opisto 2013$$5HELKA
000948431 7001  L $$aEdelfelt, Albert,$$d1854-1905.
000948431 7001  L $$aManninen, Otto,$$d1872-1950.
