002544662 FMT   L BK
002544662 LDR   L ^^^^^cam^a2200505zi^4500
002544662 001   L 002544662
002544662 005   L 20151215032619.0
002544662 008   L 970820s1909^^^^fi^|||||||||||||||||fin||
002544662 015   L $$af421750$$2skl
002544662 035   L $$a(FI-MELINDA)002544662
002544662 040   L $$aFI-NL
002544662 0411  L $$afin$$hund
002544662 042   L $$afinb
002544662 080   L $$a839.79$$x-1$$x=945.41
002544662 084   L $$a82.2$$2ykl
002544662 1001  L $$aRuneberg, Johan Ludvig,$$d1804-1877.
002544662 24510 L $$aVänrikki Stoolin tarinat /$$cJ. L. Runeberg ; suomentanut O. Manninen.
002544662 260   L $$aPorvoo :$$bWSOY,$$c1909.
002544662 300   L $$aVIII, 214 s.
002544662 336   L $$ateksti$$btxt$$2rdacontent
002544662 337   L $$akäytettävissä ilman laitetta$$bn$$2rdamedia
002544662 338   L $$anide$$bnc$$2rdacarrier
002544662 561   L $$aH Reenpää: [Heikki Reenpää].$$5HELKA
002544662 563   L $$aSidottu.
002544662 650 7 L $$asuomenruotsalainen kirjallisuus$$xkertomarunot$$xkäännökset$$xsuomen kieli$$y1840-1850-luku$$2ysa
002544662 650 7 L $$akäännöskirjallisuus$$xruotsin kieli$$xsuomen kieli$$y1900-1910$$2ysa
002544662 7001  L $$aManninen, Otto,$$d1872-1950.
002544662 908   L $$afi
