003091846 FMT   L BK
003091846 LDR   L ^^^^^cam^a2200817zi^4500
003091846 001   L 003091846
003091846 005   L 20160227124906.0
003091846 008   L 840723s1975^^^^fi^|||||||||||||||p|fin||
003091846 015   L $$afx35035$$2skl
003091846 020   L $$a951-0-06999-X$$qnidottu
003091846 035   L $$a(FI-MELINDA)003091846
003091846 040   L $$aFI-NL
003091846 0411  L $$afin$$hswe
003091846 042   L $$afinb
003091846 080   L $$a839.79$$x-1$$9FENNI<KEEP>
003091846 080   L $$a82
003091846 084   L $$a82.2$$2ykl
003091846 1001  L $$aRuneberg, Johan Ludvig,$$d1804-1877.
003091846 24010 L $$aFänrik Ståls sägner
003091846 24510 L $$aVänrikki Stoolin tarinat /$$cJ. L. Runeberg ; suom. O. Manninen.
003091846 250   L $$a9. muuttam. p.
003091846 260   L $$aPorvoo ;$$aHki :$$bWSOY,$$c1975$$e(Porvoo)
003091846 300   L $$a195 s. ;$$c19 cm
003091846 336   L $$ateksti$$btxt$$2rdacontent
003091846 337   L $$akäytettävissä ilman laitetta$$bn$$2rdamedia
003091846 338   L $$anide$$bnc$$2rdacarrier
003091846 4901  L $$aDelfiinikirjat
003091846 500   L $$a9., muuttam. p. 1975
003091846 500   L $$aLisäpainokset: 10. muuttam. p. 1984. - 11. p. 1987.$$9FENNI<KEEP>
003091846 500   L $$aLisäpainokset: 6. muuttam. p. 1962. - 10. muuttam. p. 1984. - 11. p. 1987.
003091846 500   L $$aSelityksillä varustettu koulupainos.$$9FENNI<KEEP>
003091846 500   L $$a10. MUUTTAM. P. 1984. - 11. P. 1987
003091846 5050  L $$aSisältää: Vänrikki Stoolin tarinat 1-2.
003091846 650 7 L $$akaunokirjallisuus$$xsuomenkielinen kirjallisuus$$2ysa
003091846 650 7 L $$ahistoria$$2ysa
003091846 650 7 L $$akirjallisuus$$2ysa
003091846 653   L $$arunot$$aruotsin kieli$$asuomenkielinen käännös
003091846 7001  L $$amanninen, otto,$$d1872-1950.
003091846 830 0 L $$aDelfiinikirjat.
