003272710 FMT   L BK
003272710 LDR   L ^^^^^cam^a2200421zi^4500
003272710 001   L 003272710
003272710 005   L 20151229232554.0
003272710 008   L 970822s1921^^^^fi^|||||||||||||||p|fin||
003272710 015   L $$af439371$$2skl
003272710 035   L $$a(FI-MELINDA)003272710
003272710 040   L $$aFI-NL
003272710 0411  L $$afin$$hswe
003272710 042   L $$afinb
003272710 080   L $$a839.79$$x-1$$9FENNI<KEEP>
003272710 1001  L $$aRuneberg, Johan Ludvig,$$d1804-1877.
003272710 24510 L $$aVänrikki Stoolin tarinat /$$cJ. L. Runeberg ; suomentanut O. Manninen.
003272710 250   L $$a5. p.
003272710 260   L $$aPorvoo :$$bWSOY,$$c1921.
003272710 300   L $$a182 s.
003272710 336   L $$ateksti$$btxt$$2rdacontent
003272710 337   L $$akäytettävissä ilman laitetta$$bn$$2rdamedia
003272710 338   L $$anide$$bnc$$2rdacarrier
003272710 650 7 L $$akaunokirjallisuus$$xsuomenkielinen kirjallisuus$$2ysa
003272710 650 7 L $$akertomarunot$$xSuomen sota$$2kaunokki
003272710 653   L $$arunot$$aruotsin kieli$$asuomenkielinen käännös
003272710 7001  L $$aManninen, Otto,$$d1872-1950.
