003294149 FMT   L BK
003294149 LDR   L ^^^^^cam^a2200625zi^4500
003294149 001   L 003294149
003294149 005   L 20151230001733.0
003294149 008   L 961016s1919^^^^fi^|||||||||||||||p|fin||
003294149 015   L $$af451102$$2skl
003294149 035   L $$a(FI-MELINDA)003294149
003294149 040   L $$aFI-NL
003294149 0411  L $$afin$$hswe
003294149 042   L $$afinb
003294149 080   L $$a839.79$$x-1$$9FENNI<KEEP>
003294149 080   L $$a839.79$$x-1$$x=945.41
003294149 1001  L $$aRuneberg, Johan Ludvig,$$d1804-1877.
003294149 24510 L $$aVänrikki Stoolin tarinat :$$bkokoelma runoja /$$cJohan Ludvig Runeberg ; kuvat piirtänyt Albert Edelfelt ; suomentanut O. Manninen.
003294149 260   L $$aPorvoo :$$bWSOY,$$c1919.
003294149 300   L $$a285, [2] s. :$$bkuvitettu ;$$c4:o
003294149 336   L $$ateksti$$btxt$$2rdacontent
003294149 337   L $$akäytettävissä ilman laitetta$$bn$$2rdamedia
003294149 338   L $$anide$$bnc$$2rdacarrier
003294149 650 7 L $$akaunokirjallisuus$$xsuomenkielinen kirjallisuus$$2ysa
003294149 653   L $$arunot$$aruotsin kieli$$asuomenkielinen käännös
003294149 7001  L $$aEdelfelt, Albert,$$d1854-1905.
003294149 7001  L $$aManninen, Otto,$$d1872-1950.
