003294155 FMT   L BK
003294155 LDR   L ^^^^^cam^a2200469zi^4500
003294155 001   L 003294155
003294155 005   L 20151230001734.0
003294155 008   L 960208s1936^^^^fi^|||||||||||||||p|fin||
003294155 015   L $$af482115$$2skl
003294155 035   L $$a(FI-MELINDA)003294155
003294155 040   L $$aFI-NL
003294155 0411  L $$afin$$hswe
003294155 042   L $$afinb
003294155 080   L $$a839.79$$x-1$$9FENNI<KEEP>
003294155 080   L $$a839.79$$x-1$$x=945.41
003294155 1001  L $$aRuneberg, Johan Ludvig,$$d1804-1877.
003294155 24510 L $$aVänrikki Stoolin tarinat /$$cJ. L. Runeberg ; suomentanut O. Manninen.
003294155 250   L $$a13. p.
003294155 260   L $$aPorvoo :$$bWSOY,$$c1936.
003294155 300   L $$a180 s.
003294155 336   L $$ateksti$$btxt$$2rdacontent
003294155 337   L $$akäytettävissä ilman laitetta$$bn$$2rdamedia
003294155 338   L $$anide$$bnc$$2rdacarrier
003294155 500   L $$aLisäpainokset: 14. p. 1939.
003294155 650 7 L $$akaunokirjallisuus$$xsuomenkielinen kirjallisuus$$2ysa
003294155 653   L $$arunot$$aruotsin kieli$$asuomenkielinen käännös
003294155 7001  L $$aManninen, Otto,$$d1872-1950.
