003294156 FMT   L BK
003294156 LDR   L ^^^^^cam^a2200493zi^4500
003294156 001   L 003294156
003294156 005   L 20151230001735.0
003294156 008   L 950920s1939^^^^fi^|||||||||||||||p|fin||
003294156 015   L $$af501656$$2skl
003294156 035   L $$a(FI-MELINDA)003294156
003294156 040   L $$aFI-NL
003294156 0411  L $$afin$$hswe
003294156 042   L $$afinb
003294156 080   L $$a839.79$$x-1$$9FENNI<KEEP>
003294156 080   L $$a839.79$$x-1$$x=945.41
003294156 1001  L $$aRuneberg, Johan Ludvig,$$d1804-1877.
003294156 24510 L $$aVänrikki Stoolin tarinat /$$cJohan Ludvig Runeberg ; suom. O. Manninen.
003294156 250   L $$a14. p.
003294156 260   L $$aPorvoo :$$bWSOY,$$c1939.
003294156 300   L $$a180 s.
003294156 336   L $$ateksti$$btxt$$2rdacontent
003294156 337   L $$akäytettävissä ilman laitetta$$bn$$2rdamedia
003294156 338   L $$anide$$bnc$$2rdacarrier
003294156 563   L $$aSidottu.
003294156 650 7 L $$akaunokirjallisuus$$xsuomenkielinen kirjallisuus$$2ysa
003294156 653   L $$arunot$$aruotsin kieli$$asuomenkielinen käännös
003294156 7001  L $$aManninen, Otto,$$d1872-1950.
003294156 7001  L $$aManninen, O.,$$esuom.
