003294164 FMT   L BK
003294164 LDR   L ^^^^^cam^a2200565zi^4500
003294164 001   L 003294164
003294164 005   L 20151230001736.0
003294164 008   L 960529s1928^^^^fi^|||||||||||||||p|fin||
003294164 015   L $$af474059$$2skl
003294164 035   L $$a(FI-MELINDA)003294164
003294164 040   L $$aFI-NL
003294164 0411  L $$afin$$hswe
003294164 042   L $$afinb
003294164 080   L $$a839.7$$x-1$$9FENNI<KEEP>
003294164 080   L $$a839.79$$x-1
003294164 080   L $$a839.79$$x-1$$x=945.41
003294164 1001  L $$aRuneberg, Johan Ludvig,$$d1804-1877.
003294164 24510 L $$aVänrikki Stoolin tarinat :$$bkokoelma runoja /$$cJ. L. Runeberg ; suom. O. Manninen ; kuvat piirtänyt Albert Edelfelt.
003294164 260   L $$aPorvoo :$$bWSOY,$$c1928.
003294164 300   L $$a238 s. :$$bkuvitettu
003294164 336   L $$ateksti$$btxt$$2rdacontent
003294164 337   L $$akäytettävissä ilman laitetta$$bn$$2rdamedia
003294164 338   L $$anide$$bnc$$2rdacarrier
003294164 4901  L $$aValiokirjasto ;$$v9
003294164 500   L $$aLisäpainokset: 2. p. 1928.
003294164 563   L $$aSidottu.
003294164 650 7 L $$akaunokirjallisuus$$xsuomenkielinen kirjallisuus$$2ysa
003294164 653   L $$arunot$$aruotsin kieli$$asuomenkielinen käännös
003294164 7001  L $$aEdelfelt, Albert,$$d1854-1905.
003294164 7001  L $$aManninen, Otto,$$d1872-1950.
003294164 830 0 L $$aValiokirjasto ;$$v9.
