003294167 FMT   L BK
003294167 LDR   L ^^^^^cam^a2200481zi^4500
003294167 001   L 003294167
003294167 005   L 20151230001737.0
003294167 008   L 940323s1953^^^^fi^|||||||||||||||p|fin||
003294167 015   L $$af547911$$2skl
003294167 035   L $$a(FI-MELINDA)003294167
003294167 040   L $$aFI-NL
003294167 0411  L $$afin$$hswe
003294167 042   L $$afinb
003294167 080   L $$a839.79$$x-1$$9FENNI<KEEP>
003294167 080   L $$a839.79$$x-1$$x=945.41
003294167 1001  L $$aRuneberg, Johan Ludvig,$$d1804-1877.
003294167 24510 L $$aVänrikki Stoolin tarinat /$$cJohan Ludvig Runeberg ; suom. O. Manninen.
003294167 250   L $$a3. muuttamaton p.
003294167 260   L $$aPorvoo :$$bWSOY,$$c1953.
003294167 300   L $$a195 s. ;$$c8:o
003294167 336   L $$ateksti$$btxt$$2rdacontent
003294167 337   L $$akäytettävissä ilman laitetta$$bn$$2rdamedia
003294167 338   L $$anide$$bnc$$2rdacarrier
003294167 500   L $$aSelityksillä varustettu koulupainos$$9FENNI<KEEP>
003294167 650 7 L $$akaunokirjallisuus$$xsuomenkielinen kirjallisuus$$2ysa
003294167 653   L $$arunot$$aruotsin kieli$$asuomenkielinen käännös
003294167 7001  L $$aManninen, Otto,$$d1872-1950.
