003294168 FMT   L BK
003294168 LDR   L ^^^^^cam^a2200421zi^4500
003294168 001   L 003294168
003294168 005   L 20151230001737.0
003294168 008   L 960529s1927^^^^fi^|||||||||||||||||fin||
003294168 015   L $$af474050$$2skl
003294168 035   L $$a(FI-MELINDA)003294168
003294168 040   L $$aFI-NL
003294168 0411  L $$afin$$hswe
003294168 042   L $$afinb
003294168 080   L $$a839.79$$x-1$$x=945.41
003294168 1001  L $$aRuneberg, Johan Ludvig,$$d1804-1877.
003294168 24510 L $$aVänrikki Stoolin tarinat /$$cJ. L. Runeberg ; suom. O. Manninen.
003294168 250   L $$a8. tark. p.
003294168 260   L $$aPorvoo :$$bWSOY,$$c1927.
003294168 300   L $$a182 s.
003294168 336   L $$ateksti$$btxt$$2rdacontent
003294168 337   L $$akäytettävissä ilman laitetta$$bn$$2rdamedia
003294168 338   L $$anide$$bnc$$2rdacarrier
003294168 500   L $$aLisäpainokset: 9. p. 1929 (186 s.).$$9FENNI<KEEP>
003294168 650 7 L $$akaunokirjallisuus$$xsuomenkielinen kirjallisuus$$2ysa
003294168 653   L $$arunot$$aruotsin kieli$$asuomenkielinen käännös
003294168 7001  L $$aManninen, Otto,$$d1872-1950.
