005362124 FMT   L BK
005362124 LDR   L ^^^^^cam^a22004692i^4500
005362124 001   L 005362124
005362124 005   L 20160102054405.0
005362124 008   L 950301s1948^^^^fi^|||||||||||||||p|fin||
005362124 015   L $$af526077$$2skl
005362124 015   L $$af526078$$2skl
005362124 035   L $$a(FI-MELINDA)005362124
005362124 040   L $$aFI-NL
005362124 0411  L $$afin$$hswe
005362124 042   L $$afinb
005362124 080   L $$a839.79$$x-1$$9FENNI<KEEP>
005362124 1001  L $$aRuneberg, Johan Ludvig,$$d1804-1877.
005362124 24510 L $$aVänrikki Stoolin tarinat /$$cJohan Ludvig Runeberg ; suom. O. Manninen.
005362124 260   L $$aPorvoo :$$bWSOY,$$c1948.
005362124 300   L $$a179 s. ;$$c8:o
005362124 336   L $$ateksti$$btxt$$2rdacontent
005362124 337   L $$akäytettävissä ilman laitetta$$bn$$2rdamedia
005362124 338   L $$anide$$bnc$$2rdacarrier
005362124 500   L $$aSelityksillä varustettu koulupainos.
005362124 500   L $$aTätä eripainosta Runebergin Runoteosten II osasta on painettu 300 numeroitua kpl.$$9FENNI<KEEP>
005362124 7001  L $$aManninen, Otto,$$d1872-1950.
