005513475 FMT   L BK
005513475 LDR   L ^^^^^cam^a2200421zi^4500
005513475 001   L 005513475
005513475 005   L 20160102111230.0
005513475 008   L 961016s1919^^^^fi^|||||||||||||||p|fin||
005513475 015   L $$af451103$$2skl
005513475 035   L $$a(FI-MELINDA)005513475
005513475 040   L $$aFI-NL
005513475 0411  L $$afin$$hswe
005513475 042   L $$afinb
005513475 080   L $$a839.79$$x-1$$9FENNI<KEEP>
005513475 1001  L $$aRuneberg, Johan Ludvig,$$d1804-1877.
005513475 24510 L $$aVänrikki Stoolin tarinat /$$cJohan Ludvig Runeberg ; suomentanut O. Manninen.
005513475 250   L $$a4. p.
005513475 260   L $$aPorvoo :$$bWSOY,$$c1919.
005513475 300   L $$a182 s.
005513475 336   L $$ateksti$$btxt$$2rdacontent
005513475 337   L $$akäytettävissä ilman laitetta$$bn$$2rdamedia
005513475 338   L $$anide$$bnc$$2rdacarrier
005513475 7001  L $$aManninen, Otto,$$d1872-1950.
