006414953 FMT   L BK
006414953 LDR   L ^^^^^cam^a22003732i^4500
006414953 001   L 006414953
006414953 005   L 20160108134658.0
006414953 008   L 960529s1928^^^^fi^|||||||||||||||p|fin||
006414953 015   L $$af474049$$2skl
006414953 035   L $$a(FI-MELINDA)006414953
006414953 040   L $$aFI-NL
006414953 0411  L $$afin$$hswe
006414953 042   L $$afinb
006414953 080   L $$a839.7$$x-1$$9FENNI<KEEP>
006414953 1001  L $$aRuneberg, Johan Ludvig,$$d1804-1877.
006414953 24510 L $$aVänrikki Stoolin tarinat :$$bkokoelma runoja /$$cJ. L. Runeberg ; suom. O. Manninen ; kuvat piirtänyt Albert Edelfelt.
006414953 260   L $$aPorvoo :$$bWSOY,$$c1928.
006414953 300   L $$a266 s. :$$bkuvitettu
006414953 336   L $$ateksti$$btxt$$2rdacontent
006414953 337   L $$akäytettävissä ilman laitetta$$bn$$2rdamedia
006414953 338   L $$anide$$bnc$$2rdacarrier
006414953 7001  L $$aEdelfelt, Albert,$$d1854-1905.
006414953 7001  L $$aManninen, Otto,$$d1872-1950.
