006417535 FMT   L BK
006417535 LDR   L 00000cam^a2200457^i^4500
006417535 001   L 006417535
006417535 005   L 20160428200256.0
006417535 006   L m||||||||d||||||||
006417535 007   L cu|||||||||a||
006417535 008   L 060330s2004^^^^xxu|||||s|||||||||p|fin|^
006417535 015   L $$afe20060229$$qverkkoaineisto$$2skl
006417535 035   L $$a(FI-MELINDA)006417535
006417535 040   L $$aFI-NL
006417535 0411  L $$afin$$hswe
006417535 042   L $$afinb
006417535 080   L $$a839.79$$x-1$$9FENNI<KEEP>
006417535 1001  L $$aRuneberg, Johan Ludvig,$$d1804-1877.
006417535 24010 L $$aFänrik Ståls sägner
006417535 24510 L $$aVänrikki Stoolin tarinat :$$bkokoelma runoja /$$ckirj. J. L. Runeberg ; suomentanut O. Manninen.
006417535 256   L $$aTekstiä.
006417535 260   L $$a[Salt Lake City] :$$bProject Gutenberg,$$c2004.
006417535 336   L $$ateksti$$btxt$$2rdacontent
006417535 337   L $$atietokonekäyttöinen$$bc$$2rdamedia
006417535 338   L $$averkkoaineisto$$bcr$$2rdacarrier
006417535 530   L $$aMyös painettuna.$$9FENNI<KEEP>
006417535 534   L $$pAlkuperäinen:$$c1922.$$9FENNI<KEEP>
006417535 538   L $$aInternet-yhteys, WWW-selain.$$9FENNI<KEEP>
006417535 588   L $$aKuvailun perusta: Nimeke nimiönäytöstä.$$9FENNI<KEEP>
006417535 7001  L $$aManninen, Otto,$$d1872-1950.
006417535 85640 L $$uhttp://www.gutenberg.org/etext/12757
006417535 903   L $$ac$$5FENNI
