006588835 FMT   L BK
006588835 LDR   L ^^^^^cam^a22002773i^4500
006588835 001   L 006588835
006588835 005   L 20160110095534.0
006588835 008   L 950630s1915^^^^xx^|||||||||||||||||^^^||
006588835 015   L $$afx431670$$2skl
006588835 035   L $$a(FI-MELINDA)006588835
006588835 040   L $$aFI-NL
006588835 042   L $$afinb
006588835 1001  L $$aRuneberg, J. L.,$$cpuuteluettelotieto.
006588835 24510 L $$aVänrikki Stoolin tarinat /$$cSuom. Otto Manninen.
006588835 250   L $$a3. p.
006588835 260   L $$c1915$$e(Porvoo)
006588835 336   L $$ateksti$$btxt$$2rdacontent
006588835 337   L $$akäytettävissä ilman laitetta$$bn$$2rdamedia
006588835 338   L $$anide$$bnc$$2rdacarrier
006588835 583   L $$aPUUTELUETT.,KK.$$5FENNI
006588835 594   L $$aPuuttuu kansalliskokoelmasta$$5FENNI
